@article {Tubiana2019,
article_type = {journal},
title = {Learning protein constitutive motifs from sequence data},
author = {Tubiana, Jérôme and Cocco, Simona and Monasson, Rémi},
editor = {Colwell, Lucy J and Weigel, Detlef},
volume = 8,
year = 2019,
month = {mar},
pub_date = {2019-03-12},
pages = {e39397},
citation = {eLife 2019;8:e39397},
doi = {10.7554/eLife.39397},
url = {https://doi.org/10.7554/eLife.39397},
keywords = {sequence analysis, machine learning, coevolution},
journal = {eLife},
issn = {2050-084X},
publisher = {eLife Sciences Publications, Ltd},
}

@article{Tubiana2019_b,
    author = {Tubiana, Jérôme and Cocco, Simona and Monasson, Rémi},
    title = "{Learning Compositional Representations of Interacting Systems with Restricted Boltzmann Machines: Comparative Study of Lattice Proteins}",
    journal = {Neural Computation},
    volume = {31},
    number = {8},
    pages = {1671-1717},
    year = {2019},
    month = {08},
    issn = {0899-7667},
    doi = {10.1162/neco_a_01210},
    url = {https://doi.org/10.1162/neco\_a\_01210},
    eprint = {https://direct.mit.edu/neco/article-pdf/31/8/1671/1053381/neco\_a\_01210.pdf},
}

@article{Mehta2019,
	doi = {10.1016/j.physrep.2019.03.001},
	url = {https://doi.org/10.1016\%2Fj.physrep.2019.03.001},
	year = 2019,
	month = {may},
	publisher = {Elsevier {BV}},
	volume = {810},
	pages = {1--124},
	author = {Pankaj Mehta and Marin Bukov and Ching-Hao Wang and Alexandre G.R. Day and Clint Richardson and Charles K. Fisher and David J. Schwab},
	title = {A high-bias, low-variance introduction to Machine Learning for physicists},
	journal = {Physics Reports}
}

@article{Hubbard1959,
  title = {Calculation of Partition Functions},
  author = {Hubbard, J.},
  journal = {Phys. Rev. Lett.},
  volume = {3},
  issue = {2},
  pages = {77--78},
  numpages = {0},
  year = {1959},
  month = {Jul},
  publisher = {American Physical Society},
  doi = {10.1103/PhysRevLett.3.77},
  url = {https://link.aps.org/doi/10.1103/PhysRevLett.3.77}
}
